%% This BibTeX bibliography file was created using BibDesk.
%% http://bibdesk.sourceforge.net/


%% Created for Oliver Erxleben at 2013-05-07 19:34:44 +0200 


%% Saved with string encoding Unicode (UTF-8) 



@book{appel_cc,
	Author = {Andrew W. Appel, Maia Ginsburg},
	Date-Added = {2013-05-07 17:32:14 +0000},
	Date-Modified = {2013-05-07 17:34:02 +0000},
	Keywords = {Compiler Construction},
	Publisher = {Cambridge University Press},
	Title = {Modern Compiler Construction in C},
	Year = {1998}}
